<record><leader>00000cas a22000007a 4500</leader><controlfield tag="001">15138131</controlfield><controlfield tag="008">870131d18791881iauwr ne      0    0eng d</controlfield><datafield ind1=" " ind2=" " tag="010"><subfield code="a">sn 87057313 </subfield></datafield><datafield ind1=" " ind2=" " tag="040"><subfield code="a">INP</subfield><subfield code="b">eng</subfield><subfield code="c">INP</subfield><subfield code="d">OCLCQ</subfield></datafield><datafield ind1="0" ind2="0" tag="245"><subfield code="a">Iowa state news.</subfield></datafield><datafield ind1=" " ind2=" " tag="260"><subfield code="a">Hamburg, Fremont County [Iowa] :</subfield><subfield code="b">Iowa News Co.</subfield></datafield><datafield ind1=" " ind2=" " tag="300"><subfield code="a">v. :</subfield><subfield code="b">ill. ;</subfield><subfield code="c">65 cm.</subfield></datafield><datafield ind1=" " ind2=" " tag="310"><subfield code="a">Weekly</subfield></datafield><datafield ind1="1" ind2=" " tag="362"><subfield code="a">Issued Aug. 2, 1879-1881?</subfield><subfield code="z">Cf. Bibl. of Iowa newspapers.</subfield></datafield><datafield ind1=" " ind2=" " tag="588"><subfield code="a">Description based on: Vol. 2, no. 36 (Apr. 9, 1881).</subfield></datafield><datafield ind1=" " ind2=" " tag="752"><subfield code="a">United States</subfield><subfield code="b">Iowa</subfield><subfield code="c">Fremont</subfield><subfield code="d">Hamburg.</subfield></datafield><datafield ind1="0" ind2="7" tag="785"><subfield code="t">Hamburg Democrat</subfield><subfield code="w">(DLC)sn 84038273</subfield></datafield><datafield ind1="0" ind2="7" tag="785"><subfield code="t">Fremont democratic news</subfield><subfield code="w">(DLC)sn 87057311</subfield></datafield></record>